<record xmlns="http://www.loc.gov/MARC21/slim" xmlns:xsi="http://www.w3.org/2001/XMLSchema-instance" xsi:schemaLocation="http://www.loc.gov/MARC21/slim http://www.loc.gov/standards/marcxml/schema/MARC21slim.xsd"><leader>01306cz   2200229n  4500</leader><controlfield tag="001">oca03327515 </controlfield><controlfield tag="005">20020625075315.0</controlfield><controlfield tag="008">930301n| acannaab           |a aaa     c</controlfield><datafield ind1=" " ind2=" " tag="010"><subfield code="a">nr 93007519 </subfield></datafield><datafield ind1=" " ind2=" " tag="040"><subfield code="a">NjP</subfield><subfield code="c">NjP</subfield><subfield code="d">DLC</subfield></datafield><datafield ind1="0" ind2=" " tag="100"><subfield code="a">Leontius,</subfield><subfield code="c">Bishop of Neapolis,</subfield><subfield code="d">7th cent.</subfield></datafield><datafield ind1="0" ind2=" " tag="400"><subfield code="a">Leonzio,</subfield><subfield code="c">di Neapoli,</subfield><subfield code="d">7th cent.</subfield></datafield><datafield ind1="0" ind2=" " tag="400"><subfield code="a">LeÌ&#x81;ontios,</subfield><subfield code="c">de NeÌ&#x81;apolis,</subfield><subfield code="d">7th cent.</subfield></datafield><datafield ind1="0" ind2=" " tag="400"><subfield code="a">Leontius,</subfield><subfield code="c">Bp. of Neapolis,</subfield><subfield code="d">7th cent.</subfield><subfield code="w">nnaa</subfield></datafield><datafield ind1="0" ind2=" " tag="400"><subfield code="a">Leontios,</subfield><subfield code="c">NeapoleoÌ&#x84;s,</subfield><subfield code="d">7th cent.</subfield></datafield><datafield ind1="0" ind2=" " tag="400"><subfield code="a">Leontios,</subfield><subfield code="c">Episkopos NeapoleoÌ&#x84;s teÌ&#x84;s Kyprou,</subfield><subfield code="d">7th cent.</subfield></datafield><datafield ind1=" " ind2=" " tag="670"><subfield code="a">I Santi folli di Bisanzio, 1990:</subfield><subfield code="b">t.p. (Leonzio di Neapoli) introd. (bishop of Neapoli, in Cyprus; lived during 7th cent.)</subfield></datafield><datafield ind1=" " ind2=" " tag="670"><subfield code="a">LC in RLIN, 1-21-93</subfield><subfield code="b">(hdg.: Leontius, Bp. of Neapolis, fl. 615; usage: LeÌ&#x81;ontios de NeÌ&#x81;apolis [in Fre.])</subfield></datafield><datafield ind1=" " ind2=" " tag="670"><subfield code="a">Butler. Lives of the saints, 1932:</subfield><subfield code="b">v. 7, p. 9 (Leontius, Bishop of Nemosia in Cyprus; lived 7th cent.)</subfield></datafield><datafield ind1=" " ind2=" " tag="670"><subfield code="a">Grams, P.B. Series episcoporum Ecclesiae catholicae, 1987:</subfield><subfield code="b">p. 438 (Leontius, script. historian, Neapolis (Nemosia, Neo-Lemissus</subfield></datafield><datafield ind1=" " ind2=" " tag="670"><subfield code="a">Vios kai politeia tou avva SymeoÌ&#x84;n tou dia Christon eponomasthentos Salou, c2000:</subfield><subfield code="b">t.p. (Leontiou NeapoleoÌ&#x84;s) p. 15 (Ho Leontios, ho Episkopos NeapoleoÌ&#x84;s teÌ&#x84;s Kyprou)</subfield></datafield><datafield ind1=" " ind2=" " tag="675"><subfield code="a">Meg. helleÌ&#x84; onky.;</subfield><subfield code="a">New Cath. enc.</subfield></datafield></record>